@ARTICLE{gill96,
  author =	 {E. Gill},
  title =	 {Smooth Bi-Polynominal Interpolation of Jacchia 1971
                  Atmospheric Densities For Efficient Satellite Drag
                  Computation},
  journal =	 {DLR-GSOC},
  pages =	 {IB 96-1},
  year =	 1996
}

@ARTICLE{jacchia65,
  author =	 {L. G. Jacchia},
  title =	 {Static Diffusion Models for the Upper Atmosphere
                  with Empirical Temperature Profiles},
  journal =	 {Smithsonian Contr. Astrophys.},
  volume =	 9,
  pages =	 {215--257},
  year =	 1965
}

@ARTICLE{jacchia71,
  author =	 {L. G. Jacchia},
  title =	 {Revised Static Models of the Thermosphere and
                  Exosphere with Empirical Temperature Profiles},
  journal =	 {SAO},
  volume =	 {Special Report 332},
  year =	 1971
}

@ARTICLE{jacchia77,
  author =	 {L. G. Jacchia},
  title =	 {Thermospheric Temperature, Density, and Composition:
                  New Models},
  journal =	 {SAO},
  volume =	 {Special Report 375},
  year =	 1977
}

@BOOK{wertz1978,
  editor =	 {J. R. Wertz},
  title =	 {Spacecraft Attitude Determination and Control},
  publisher =	 {Kluwer Academic Publishers},
  address =	 {Dordrecht},
  year =	 1978
}

@ARTICLE{yoshida1990,
  author =	 {H. Yoshida},
  title =	 {Construction of Higher Order Symplectic Integrators},
  journal =	 {Phys. Lett. A},
  volume =	 {150},
  pages =	 {262--268},
  year =	 1990
}

@BOOK{shadr,
  author =	 {Lemoine, F. and Jester, P.},
  title =	 {Spherical Harmonics ASCII Data Record},
  publisher =	 {Planetary Science Institute},
  address =	 {Tucson AZ},
  note =	 {\url{https://sbnarchive.psi.edu/pds3/dawn/grav/DWNCGRS_2_v3_181005/DOCUMENT/SHADR.ASC}},
  year =	 2013,
  month =	 may,
  day =	 22
}

@ARTICLE{pines73,
  author =	 {Pines, S.},
  title =	 {Uniform Representation of the Gravitational Potential and its Derivatives},
  journal =	 {AIAA Journal Vol. 11, No. 11},
  pages =	 {1508--1511},
  year =	 1973,
  month =	 nov
}

@BOOK{Eckman08,
  author =	 {Eckman, R. and Brown, A. and Adamo, D.},
  title =	 {Normalization and Implementation of Three Gravitational Acceleration Models},
  publisher =	 {National Aeronautics and Space Administration},
  address =	 {Johnson Space Center, TX},
  note =	 {\url{https://ntrs.nasa.gov/api/citations/20160011252/downloads/20160011252.pdf}},
  year =	 2016,
  month =	 jun,
  day =	 1
}

@ARTICLE{DeMars08,
  author =	 {DeMars, K. J. and Bishop, R. H. and Crain, T. P. and Condon, G. L.},
  title =	 {Engineering Analysis of Guidance and Navigation Performance in the Uncertain Lunar Environment to Support Human Exploration},
  publisher =	 {American Astronautical Society},
  journal =	 {Thirty-First Annual AAS Guidance and Control Conference, No. AAS 08-046},
  address =	 {Breckenridge, CO},
  year =	 2008,
  month =	 feb
}
