%TODO indicate "Table 1" below
@inbook{standish1995,
	editor = {E. M. Standish},
	title =	{Highlights of Astronomy, Report of the IAU WGAS Sub-Group on Numerical Standards},
	publisher = {Kluwer Academic Publishers},
	address = {Dordrecht},
	year = 1995
}

%TODO indicate "Table 5.8.1" below
@inbook{seidelmann1992p316,
	editor = {K. P. Seidelmann},
	title =	{Explanatory Supplement to the Astronomical Almanac},
	publisher = {University Science Books},
	pages = {316},
	address = {Mill Valley, California},
	year = 1992
}

%TODO indicate "Table 15.8" below
@inbook{seidelmann1992p706,
	editor = {K. P. Seidelmann},
	title =	{Explanatory Supplement to the Astronomical Almanac},
	publisher = {University Science Books},
	pages = {706},
	address = {Mill Valley, California},
	year = 1992
}

@inbook{yoder1995,
	editor = {C. F. Yoder},
	title =	{Global Earth Physics, A Handbook of Physical Constants, AGU Reference Shelf 1, Astrometric and Geodetic Properties of Earth and the Solar System},
	publisher = {American Geophysical Union},
	year = 1995
}
